<?xml version="1.0" encoding="UTF-8"?><collection xmlns="http://www.loc.gov/MARC21/slim"><record><leader>00488nam--2200181-i-4500</leader><controlfield tag="001">000037822</controlfield><controlfield tag="002">20161230</controlfield><controlfield tag="005">20161230201041</controlfield><controlfield tag="008">060222s1000------------r-----000-0-eng-d</controlfield><datafield ind1=" " ind2=" " tag="040"><subfield code="a">IFIN-HH</subfield></datafield><datafield ind1=" " ind2=" " tag="080"><subfield code="a">534</subfield></datafield><datafield ind1="1" ind2=" " tag="100"><subfield code="a">Randall, Robert H</subfield></datafield><datafield ind1="1" ind2="0" tag="245"><subfield code="a">An introduction to acoustics</subfield><subfield code="c">Robert H. Randall</subfield></datafield><datafield ind1=" " ind2=" " tag="260"><subfield code="a">Cambridge Mass, Addison-wesley Press, 1951,</subfield></datafield><datafield ind1=" " ind2=" " tag="300"><subfield code="a">XII + 340P</subfield></datafield><datafield ind1=" " ind2=" " tag="490"><subfield code="a">Principles Of Physics Series</subfield></datafield><datafield ind1=" " ind2=" " tag="852"><subfield code="a">10259</subfield><subfield code="c">534</subfield></datafield><datafield ind1=" " ind2=" " tag="CAT"><subfield code="a">Sys</subfield><subfield code="c">20101006</subfield><subfield code="h">124654</subfield></datafield></record></collection>